%YAML 1.1
%TAG !u! tag:unity3d.com,2011:
--- !u!1 &6205965270574192794
GameObject:
  m_ObjectHideFlags: 0
  m_CorrespondingSourceObject: {fileID: 0}
  m_PrefabInstance: {fileID: 0}
  m_PrefabAsset: {fileID: 0}
  serializedVersion: 6
  m_Component:
  - component: {fileID: 3107371071829129732}
  - component: {fileID: 8025816952898048000}
  m_Layer: 9
  m_Name: Shoot Pivot
  m_TagString: Untagged
  m_Icon: {fileID: 0}
  m_NavMeshLayer: 0
  m_StaticEditorFlags: 0
  m_IsActive: 1
--- !u!4 &3107371071829129732
Transform:
  m_ObjectHideFlags: 0
  m_CorrespondingSourceObject: {fileID: 0}
  m_PrefabInstance: {fileID: 0}
  m_PrefabAsset: {fileID: 0}
  m_GameObject: {fileID: 6205965270574192794}
  m_LocalRotation: {x: 0.000000029802319, y: -0.70710677, z: -0.000000119209275, w: 0.7071068}
  m_LocalPosition: {x: -0.949, y: -0.038, z: 0}
  m_LocalScale: {x: 1, y: 1, z: 1}
  m_Children: []
  m_Father: {fileID: 7601042834908708929}
  m_RootOrder: 0
  m_LocalEulerAnglesHint: {x: 0, y: -90, z: 0}
--- !u!114 &8025816952898048000
MonoBehaviour:
  m_ObjectHideFlags: 0
  m_CorrespondingSourceObject: {fileID: 0}
  m_PrefabInstance: {fileID: 0}
  m_PrefabAsset: {fileID: 0}
  m_GameObject: {fileID: 6205965270574192794}
  m_Enabled: 1
  m_EditorHideFlags: 0
  m_Script: {fileID: 11500000, guid: f9a47dc2a388af149a4e2a5704498389, type: 3}
  m_Name: 
  m_EditorClassIdentifier: 
--- !u!1 &7601042834908814433
GameObject:
  m_ObjectHideFlags: 0
  m_CorrespondingSourceObject: {fileID: 0}
  m_PrefabInstance: {fileID: 0}
  m_PrefabAsset: {fileID: 0}
  serializedVersion: 6
  m_Component:
  - component: {fileID: 7601042834908708929}
  - component: {fileID: 7601042834912133217}
  - component: {fileID: 7601042834911003297}
  - component: {fileID: 1654818387540143338}
  - component: {fileID: 4973055308789010553}
  m_Layer: 0
  m_Name: AWP
  m_TagString: Untagged
  m_Icon: {fileID: 0}
  m_NavMeshLayer: 0
  m_StaticEditorFlags: 0
  m_IsActive: 1
--- !u!4 &7601042834908708929
Transform:
  m_ObjectHideFlags: 0
  m_CorrespondingSourceObject: {fileID: 0}
  m_PrefabInstance: {fileID: 0}
  m_PrefabAsset: {fileID: 0}
  m_GameObject: {fileID: 7601042834908814433}
  m_LocalRotation: {x: 0, y: 0, z: 0, w: 1}
  m_LocalPosition: {x: 0, y: 0, z: 0}
  m_LocalScale: {x: 1, y: 1, z: 1}
  m_Children:
  - {fileID: 3107371071829129732}
  - {fileID: 1977762590983462439}
  m_Father: {fileID: 0}
  m_RootOrder: 0
  m_LocalEulerAnglesHint: {x: 0, y: 0, z: 0}
--- !u!33 &7601042834912133217
MeshFilter:
  m_ObjectHideFlags: 0
  m_CorrespondingSourceObject: {fileID: 0}
  m_PrefabInstance: {fileID: 0}
  m_PrefabAsset: {fileID: 0}
  m_GameObject: {fileID: 7601042834908814433}
  m_Mesh: {fileID: 4300000, guid: 918bd5773b6389146a8ed9188de52cf9, type: 3}
--- !u!23 &7601042834911003297
MeshRenderer:
  m_ObjectHideFlags: 0
  m_CorrespondingSourceObject: {fileID: 0}
  m_PrefabInstance: {fileID: 0}
  m_PrefabAsset: {fileID: 0}
  m_GameObject: {fileID: 7601042834908814433}
  m_Enabled: 1
  m_CastShadows: 1
  m_ReceiveShadows: 1
  m_DynamicOccludee: 1
  m_MotionVectors: 1
  m_LightProbeUsage: 1
  m_ReflectionProbeUsage: 1
  m_RayTracingMode: 2
  m_RenderingLayerMask: 1
  m_RendererPriority: 0
  m_Materials:
  - {fileID: 2100000, guid: 342b66954c285474f8588be497b1fc33, type: 2}
  m_StaticBatchInfo:
    firstSubMesh: 0
    subMeshCount: 0
  m_StaticBatchRoot: {fileID: 0}
  m_ProbeAnchor: {fileID: 0}
  m_LightProbeVolumeOverride: {fileID: 0}
  m_ScaleInLightmap: 1
  m_ReceiveGI: 1
  m_PreserveUVs: 0
  m_IgnoreNormalsForChartDetection: 0
  m_ImportantGI: 0
  m_StitchLightmapSeams: 1
  m_SelectedEditorRenderState: 3
  m_MinimumChartSize: 4
  m_AutoUVMaxDistance: 0.5
  m_AutoUVMaxAngle: 89
  m_LightmapParameters: {fileID: 0}
  m_SortingLayerID: 0
  m_SortingLayer: 0
  m_SortingOrder: 0
--- !u!114 &1654818387540143338
MonoBehaviour:
  m_ObjectHideFlags: 0
  m_CorrespondingSourceObject: {fileID: 0}
  m_PrefabInstance: {fileID: 0}
  m_PrefabAsset: {fileID: 0}
  m_GameObject: {fileID: 7601042834908814433}
  m_Enabled: 1
  m_EditorHideFlags: 0
  m_Script: {fileID: 11500000, guid: f9867f465a0c7e54096cede13bd1b8d2, type: 3}
  m_Name: 
  m_EditorClassIdentifier: 
  fitem:
    id: 0
    type: 0
    count: 0
    indexRnd: 0
--- !u!114 &4973055308789010553
MonoBehaviour:
  m_ObjectHideFlags: 0
  m_CorrespondingSourceObject: {fileID: 0}
  m_PrefabInstance: {fileID: 0}
  m_PrefabAsset: {fileID: 0}
  m_GameObject: {fileID: 7601042834908814433}
  m_Enabled: 1
  m_EditorHideFlags: 0
  m_Script: {fileID: 11500000, guid: b87bfdaadc51d07438a78c8859b2fdd9, type: 3}
  m_Name: 
  m_EditorClassIdentifier: 
  aimPivot: {fileID: 3107371071829129732}
  flesh: {fileID: 1977762590965111655}
--- !u!1001 &1977762590983849121
PrefabInstance:
  m_ObjectHideFlags: 0
  serializedVersion: 2
  m_Modification:
    m_TransformParent: {fileID: 7601042834908708929}
    m_Modifications:
    - target: {fileID: 100006, guid: c5946a66b3eec2d479e20b7315b06bf8, type: 3}
      propertyPath: m_Name
      value: WFXMR_MF 4P RIFLE3
      objectReference: {fileID: 0}
    - target: {fileID: 100006, guid: c5946a66b3eec2d479e20b7315b06bf8, type: 3}
      propertyPath: m_IsActive
      value: 1
      objectReference: {fileID: 0}
    - target: {fileID: 400006, guid: c5946a66b3eec2d479e20b7315b06bf8, type: 3}
      propertyPath: m_LocalPosition.x
      value: -1.226
      objectReference: {fileID: 0}
    - target: {fileID: 400006, guid: c5946a66b3eec2d479e20b7315b06bf8, type: 3}
      propertyPath: m_LocalPosition.y
      value: -0.075
      objectReference: {fileID: 0}
    - target: {fileID: 400006, guid: c5946a66b3eec2d479e20b7315b06bf8, type: 3}
      propertyPath: m_LocalPosition.z
      value: -0
      objectReference: {fileID: 0}
    - target: {fileID: 400006, guid: c5946a66b3eec2d479e20b7315b06bf8, type: 3}
      propertyPath: m_LocalRotation.x
      value: 0
      objectReference: {fileID: 0}
    - target: {fileID: 400006, guid: c5946a66b3eec2d479e20b7315b06bf8, type: 3}
      propertyPath: m_LocalRotation.y
      value: 0
      objectReference: {fileID: 0}
    - target: {fileID: 400006, guid: c5946a66b3eec2d479e20b7315b06bf8, type: 3}
      propertyPath: m_LocalRotation.z
      value: 1
      objectReference: {fileID: 0}
    - target: {fileID: 400006, guid: c5946a66b3eec2d479e20b7315b06bf8, type: 3}
      propertyPath: m_LocalRotation.w
      value: 0
      objectReference: {fileID: 0}
    - target: {fileID: 400006, guid: c5946a66b3eec2d479e20b7315b06bf8, type: 3}
      propertyPath: m_RootOrder
      value: 1
      objectReference: {fileID: 0}
    - target: {fileID: 400006, guid: c5946a66b3eec2d479e20b7315b06bf8, type: 3}
      propertyPath: m_LocalEulerAnglesHint.x
      value: 0
      objectReference: {fileID: 0}
    - target: {fileID: 400006, guid: c5946a66b3eec2d479e20b7315b06bf8, type: 3}
      propertyPath: m_LocalEulerAnglesHint.y
      value: 0
      objectReference: {fileID: 0}
    - target: {fileID: 400006, guid: c5946a66b3eec2d479e20b7315b06bf8, type: 3}
      propertyPath: m_LocalEulerAnglesHint.z
      value: 180
      objectReference: {fileID: 0}
    - target: {fileID: 19800000, guid: c5946a66b3eec2d479e20b7315b06bf8, type: 3}
      propertyPath: playOnAwake
      value: 0
      objectReference: {fileID: 0}
    - target: {fileID: 19800002, guid: c5946a66b3eec2d479e20b7315b06bf8, type: 3}
      propertyPath: playOnAwake
      value: 0
      objectReference: {fileID: 0}
    - target: {fileID: 19800004, guid: c5946a66b3eec2d479e20b7315b06bf8, type: 3}
      propertyPath: playOnAwake
      value: 0
      objectReference: {fileID: 0}
    - target: {fileID: 19800006, guid: c5946a66b3eec2d479e20b7315b06bf8, type: 3}
      propertyPath: looping
      value: 0
      objectReference: {fileID: 0}
    - target: {fileID: 19800006, guid: c5946a66b3eec2d479e20b7315b06bf8, type: 3}
      propertyPath: playOnAwake
      value: 0
      objectReference: {fileID: 0}
    - target: {fileID: 19800008, guid: c5946a66b3eec2d479e20b7315b06bf8, type: 3}
      propertyPath: playOnAwake
      value: 0
      objectReference: {fileID: 0}
    - target: {fileID: 19800010, guid: c5946a66b3eec2d479e20b7315b06bf8, type: 3}
      propertyPath: playOnAwake
      value: 0
      objectReference: {fileID: 0}
    m_RemovedComponents: []
  m_SourcePrefab: {fileID: 100100000, guid: c5946a66b3eec2d479e20b7315b06bf8, type: 3}
--- !u!4 &1977762590983462439 stripped
Transform:
  m_CorrespondingSourceObject: {fileID: 400006, guid: c5946a66b3eec2d479e20b7315b06bf8,
    type: 3}
  m_PrefabInstance: {fileID: 1977762590983849121}
  m_PrefabAsset: {fileID: 0}
--- !u!198 &1977762590965111655 stripped
ParticleSystem:
  m_CorrespondingSourceObject: {fileID: 19800006, guid: c5946a66b3eec2d479e20b7315b06bf8,
    type: 3}
  m_PrefabInstance: {fileID: 1977762590983849121}
  m_PrefabAsset: {fileID: 0}
