%YAML 1.1
%TAG !u! tag:unity3d.com,2011:
--- !u!1 &530882820756377302
GameObject:
  m_ObjectHideFlags: 0
  m_CorrespondingSourceObject: {fileID: 0}
  m_PrefabInstance: {fileID: 0}
  m_PrefabAsset: {fileID: 0}
  serializedVersion: 6
  m_Component:
  - component: {fileID: 530882820756616420}
  - component: {fileID: 6082580086876961267}
  - component: {fileID: -3244636261409544947}
  m_Layer: 14
  m_Name: Fence Wood C
  m_TagString: Untagged
  m_Icon: {fileID: 0}
  m_NavMeshLayer: 0
  m_StaticEditorFlags: 0
  m_IsActive: 1
--- !u!4 &530882820756616420
Transform:
  m_ObjectHideFlags: 0
  m_CorrespondingSourceObject: {fileID: 0}
  m_PrefabInstance: {fileID: 0}
  m_PrefabAsset: {fileID: 0}
  m_GameObject: {fileID: 530882820756377302}
  m_LocalRotation: {x: 0, y: 0, z: 0, w: 1}
  m_LocalPosition: {x: 0, y: 0, z: 0}
  m_LocalScale: {x: 1, y: 1, z: 1}
  m_Children:
  - {fileID: 3415798467889713893}
  - {fileID: 4401054440888831763}
  m_Father: {fileID: 0}
  m_RootOrder: 0
  m_LocalEulerAnglesHint: {x: 0, y: 0, z: 0}
--- !u!114 &6082580086876961267
MonoBehaviour:
  m_ObjectHideFlags: 0
  m_CorrespondingSourceObject: {fileID: 0}
  m_PrefabInstance: {fileID: 0}
  m_PrefabAsset: {fileID: 0}
  m_GameObject: {fileID: 530882820756377302}
  m_Enabled: 1
  m_EditorHideFlags: 0
  m_Script: {fileID: 11500000, guid: a49e81069a012fc478489826a5c41719, type: 3}
  m_Name: 
  m_EditorClassIdentifier: 
  center: {x: 0, y: 1.5, z: -1.6}
  halfExstens: {x: 1.25, y: 1.25, z: 0.1}
  colliders:
  - {fileID: 3415798467883654977}
  - {fileID: 4401054440886832425}
  direction: 0
--- !u!114 &-3244636261409544947
MonoBehaviour:
  m_ObjectHideFlags: 0
  m_CorrespondingSourceObject: {fileID: 0}
  m_PrefabInstance: {fileID: 0}
  m_PrefabAsset: {fileID: 0}
  m_GameObject: {fileID: 530882820756377302}
  m_Enabled: 1
  m_EditorHideFlags: 0
  m_Script: {fileID: 11500000, guid: d4040c03cad8f594088570b87f4b9743, type: 3}
  m_Name: 
  m_EditorClassIdentifier: 
  health:
    value: 10
    maxValue: 10
  typeWeapon: 3
--- !u!1001 &3415798467889802325
PrefabInstance:
  m_ObjectHideFlags: 0
  serializedVersion: 2
  m_Modification:
    m_TransformParent: {fileID: 530882820756616420}
    m_Modifications:
    - target: {fileID: 198534, guid: f39605964dc01fd419fcf90db9d86d3e, type: 3}
      propertyPath: m_Name
      value: fence_wood_C
      objectReference: {fileID: 0}
    - target: {fileID: 198534, guid: f39605964dc01fd419fcf90db9d86d3e, type: 3}
      propertyPath: m_Layer
      value: 14
      objectReference: {fileID: 0}
    - target: {fileID: 458416, guid: f39605964dc01fd419fcf90db9d86d3e, type: 3}
      propertyPath: m_LocalPosition.x
      value: -1
      objectReference: {fileID: 0}
    - target: {fileID: 458416, guid: f39605964dc01fd419fcf90db9d86d3e, type: 3}
      propertyPath: m_LocalPosition.y
      value: 0
      objectReference: {fileID: 0}
    - target: {fileID: 458416, guid: f39605964dc01fd419fcf90db9d86d3e, type: 3}
      propertyPath: m_LocalPosition.z
      value: -1.5
      objectReference: {fileID: 0}
    - target: {fileID: 458416, guid: f39605964dc01fd419fcf90db9d86d3e, type: 3}
      propertyPath: m_LocalRotation.x
      value: 0
      objectReference: {fileID: 0}
    - target: {fileID: 458416, guid: f39605964dc01fd419fcf90db9d86d3e, type: 3}
      propertyPath: m_LocalRotation.y
      value: 1
      objectReference: {fileID: 0}
    - target: {fileID: 458416, guid: f39605964dc01fd419fcf90db9d86d3e, type: 3}
      propertyPath: m_LocalRotation.z
      value: 0
      objectReference: {fileID: 0}
    - target: {fileID: 458416, guid: f39605964dc01fd419fcf90db9d86d3e, type: 3}
      propertyPath: m_LocalRotation.w
      value: 0
      objectReference: {fileID: 0}
    - target: {fileID: 458416, guid: f39605964dc01fd419fcf90db9d86d3e, type: 3}
      propertyPath: m_RootOrder
      value: 0
      objectReference: {fileID: 0}
    - target: {fileID: 458416, guid: f39605964dc01fd419fcf90db9d86d3e, type: 3}
      propertyPath: m_LocalEulerAnglesHint.x
      value: 0
      objectReference: {fileID: 0}
    - target: {fileID: 458416, guid: f39605964dc01fd419fcf90db9d86d3e, type: 3}
      propertyPath: m_LocalEulerAnglesHint.y
      value: 180
      objectReference: {fileID: 0}
    - target: {fileID: 458416, guid: f39605964dc01fd419fcf90db9d86d3e, type: 3}
      propertyPath: m_LocalEulerAnglesHint.z
      value: 0
      objectReference: {fileID: 0}
    m_RemovedComponents: []
  m_SourcePrefab: {fileID: 100100000, guid: f39605964dc01fd419fcf90db9d86d3e, type: 3}
--- !u!4 &3415798467889713893 stripped
Transform:
  m_CorrespondingSourceObject: {fileID: 458416, guid: f39605964dc01fd419fcf90db9d86d3e,
    type: 3}
  m_PrefabInstance: {fileID: 3415798467889802325}
  m_PrefabAsset: {fileID: 0}
--- !u!64 &3415798467883654977 stripped
MeshCollider:
  m_CorrespondingSourceObject: {fileID: 6451988, guid: f39605964dc01fd419fcf90db9d86d3e,
    type: 3}
  m_PrefabInstance: {fileID: 3415798467889802325}
  m_PrefabAsset: {fileID: 0}
--- !u!1001 &4401054440888670375
PrefabInstance:
  m_ObjectHideFlags: 0
  serializedVersion: 2
  m_Modification:
    m_TransformParent: {fileID: 530882820756616420}
    m_Modifications:
    - target: {fileID: 159820, guid: 23dab14e04983024ab87eb28c81d98f6, type: 3}
      propertyPath: m_Name
      value: fence_wood_pole_C
      objectReference: {fileID: 0}
    - target: {fileID: 159820, guid: 23dab14e04983024ab87eb28c81d98f6, type: 3}
      propertyPath: m_Layer
      value: 14
      objectReference: {fileID: 0}
    - target: {fileID: 432052, guid: 23dab14e04983024ab87eb28c81d98f6, type: 3}
      propertyPath: m_LocalPosition.x
      value: 1
      objectReference: {fileID: 0}
    - target: {fileID: 432052, guid: 23dab14e04983024ab87eb28c81d98f6, type: 3}
      propertyPath: m_LocalPosition.y
      value: 0
      objectReference: {fileID: 0}
    - target: {fileID: 432052, guid: 23dab14e04983024ab87eb28c81d98f6, type: 3}
      propertyPath: m_LocalPosition.z
      value: -1.5
      objectReference: {fileID: 0}
    - target: {fileID: 432052, guid: 23dab14e04983024ab87eb28c81d98f6, type: 3}
      propertyPath: m_LocalRotation.x
      value: 0
      objectReference: {fileID: 0}
    - target: {fileID: 432052, guid: 23dab14e04983024ab87eb28c81d98f6, type: 3}
      propertyPath: m_LocalRotation.y
      value: 0
      objectReference: {fileID: 0}
    - target: {fileID: 432052, guid: 23dab14e04983024ab87eb28c81d98f6, type: 3}
      propertyPath: m_LocalRotation.z
      value: 0
      objectReference: {fileID: 0}
    - target: {fileID: 432052, guid: 23dab14e04983024ab87eb28c81d98f6, type: 3}
      propertyPath: m_LocalRotation.w
      value: 1
      objectReference: {fileID: 0}
    - target: {fileID: 432052, guid: 23dab14e04983024ab87eb28c81d98f6, type: 3}
      propertyPath: m_RootOrder
      value: 1
      objectReference: {fileID: 0}
    - target: {fileID: 432052, guid: 23dab14e04983024ab87eb28c81d98f6, type: 3}
      propertyPath: m_LocalEulerAnglesHint.x
      value: 0
      objectReference: {fileID: 0}
    - target: {fileID: 432052, guid: 23dab14e04983024ab87eb28c81d98f6, type: 3}
      propertyPath: m_LocalEulerAnglesHint.y
      value: 0
      objectReference: {fileID: 0}
    - target: {fileID: 432052, guid: 23dab14e04983024ab87eb28c81d98f6, type: 3}
      propertyPath: m_LocalEulerAnglesHint.z
      value: 0
      objectReference: {fileID: 0}
    m_RemovedComponents: []
  m_SourcePrefab: {fileID: 100100000, guid: 23dab14e04983024ab87eb28c81d98f6, type: 3}
--- !u!4 &4401054440888831763 stripped
Transform:
  m_CorrespondingSourceObject: {fileID: 432052, guid: 23dab14e04983024ab87eb28c81d98f6,
    type: 3}
  m_PrefabInstance: {fileID: 4401054440888670375}
  m_PrefabAsset: {fileID: 0}
--- !u!65 &4401054440886832425 stripped
BoxCollider:
  m_CorrespondingSourceObject: {fileID: 6559118, guid: 23dab14e04983024ab87eb28c81d98f6,
    type: 3}
  m_PrefabInstance: {fileID: 4401054440888670375}
  m_PrefabAsset: {fileID: 0}
